@Book{aacp,
author = {{DEPARTAMENTO DE PUBLICACIONES}},
title = {Guía Introductoria de Redacción Científica},
publisher = {Asociación para el avance de la ciencia psicológica (AACP)},
year = {c. 2011},
note = {Obtenido el 6 de septiembre de 2021 de \url{https://cife.edu.mx/recursos/wp-content/uploads/2019/01/AACP_Guia_de_Redaccion_Cientifica.pdf}},
}

@book{ieee,
author = {Julia Demasi},
title = {Formato IEEE. Estilo y Referencias Bibliográficas},
publisher = {DocPlayer},
year = {2011},
note = {Obtenido el 6 de septiembre de 2021 de \url{https://docplayer.es/3305826-Formato-ieee-estilo-y-referencias-bibliograficas-julia-demasi-agosto-2011.html}},
}

@book{sampieri,
author = {R. Hernández\space{}Sampieri and C. Fernández\space{}Collado and M. P. Baptista\space{}Lucio},
title = {Metodología de la investigación},
chapter = {11},
publisher = {5a ed. México D.F.: McGraw-Hill},
year = {2010},
pages = {350-353},
}

@Online{dpuntode,
author = {Definici\'on.DE},
year = {circa 2014},
title = {Definici\'on de hip\'otesis},
url = {http://definicion.de/hipotesis/}
}

@Online{escuela,
author = {ECH},
title = {Definici\'on de hip\'otesis},
publisher = {Escuela de Ciencias Humanas},
edition = {Gu\'i­a 50b / 22.07.2003 / 2Âª versi\'on.},
year = {2003},
url = {http://www.urosario.edu.co/cienciashumanas/GuiasdeCalidadAcademica/50b/}
}

@Online{aguirre,
author = {G. Aguirre},
title = {La justificaci\'on de un proyecto de investigaci\'on},
publisher = {Universidad Veracruzana},
year = {2011},
url = {http://elprofeaguirre.blogspot.com/2011/01/la-justificacion-de-un-proyecto-\%de.html}
}
